<record><leader>00000cas a2200000 a 4500</leader><controlfield tag="001">43477665</controlfield><controlfield tag="008">000217d20002007nyuwr ne      0   a0eng d</controlfield><datafield ind1=" " ind2=" " tag="010"><subfield code="a">   00214987 </subfield></datafield><datafield ind1=" " ind2=" " tag="040"><subfield code="a">YQR</subfield><subfield code="b">eng</subfield><subfield code="c">YQR</subfield><subfield code="d">NSD</subfield><subfield code="d">OCLCQ</subfield><subfield code="d">OCLCF</subfield><subfield code="d">NYG</subfield><subfield code="d">OCLCO</subfield></datafield><datafield ind1=" " ind2=" " tag="012"><subfield code="m">1</subfield></datafield><datafield ind1="1" ind2=" " tag="022"><subfield code="a">1531-0140</subfield><subfield code="l">1531-0140</subfield><subfield code="2">1</subfield></datafield><datafield ind1="1" ind2=" " tag="029"><subfield code="a">AU@</subfield><subfield code="b">000021675209</subfield></datafield><datafield ind1=" " ind2=" " tag="032"><subfield code="a">165060</subfield><subfield code="b">USPS</subfield></datafield><datafield ind1=" " ind2=" " tag="037"><subfield code="b">East Rochester Post, 657 Titus Ave., Rochester, NY 14617</subfield></datafield><datafield ind1=" " ind2=" " tag="042"><subfield code="a">nsdp</subfield><subfield code="a">msc</subfield></datafield><datafield ind1=" " ind2=" " tag="043"><subfield code="a">n-us-ny</subfield></datafield><datafield ind1=" " ind2="0" tag="222"><subfield code="a">East Rochester post</subfield></datafield><datafield ind1="0" ind2="0" tag="245"><subfield code="a">East Rochester post.</subfield></datafield><datafield ind1=" " ind2=" " tag="260"><subfield code="a">East Rochester, N.Y. :</subfield><subfield code="b">Messenger Post Newspapers,</subfield><subfield code="c">2000-</subfield></datafield><datafield ind1=" " ind2=" " tag="300"><subfield code="a">v. :</subfield><subfield code="b">ill. ;</subfield><subfield code="c">55 cm.</subfield></datafield><datafield ind1=" " ind2=" " tag="310"><subfield code="a">Weekly</subfield></datafield><datafield ind1="0" ind2=" " tag="362"><subfield code="a">Vol. 86, no. 24 (Feb. 2, 2000)-</subfield></datafield><datafield ind1="1" ind2=" " tag="362"><subfield code="a">Ceased with Sept 2007.</subfield></datafield><datafield ind1=" " ind2=" " tag="500"><subfield code="a">Issue numbering is inconsistent.</subfield></datafield><datafield ind1=" " ind2="0" tag="651"><subfield code="a">East Rochester (N.Y.)</subfield><subfield code="v">Newspapers.</subfield></datafield><datafield ind1=" " ind2="0" tag="651"><subfield code="a">Monroe County (N.Y.)</subfield><subfield code="v">Newspapers.</subfield></datafield><datafield ind1=" " ind2="7" tag="651"><subfield code="a">New York (State)</subfield><subfield code="z">East Rochester.</subfield><subfield code="2">fast</subfield><subfield code="0">(OCoLC)fst01202735</subfield></datafield><datafield ind1=" " ind2="7" tag="651"><subfield code="a">New York (State)</subfield><subfield code="z">Monroe County.</subfield><subfield code="2">fast</subfield><subfield code="0">(OCoLC)fst01214388</subfield></datafield><datafield ind1=" " ind2="7" tag="655"><subfield code="a">Newspapers.</subfield><subfield code="2">fast</subfield><subfield code="0">(OCoLC)fst01423814</subfield></datafield><datafield ind1=" " ind2=" " tag="752"><subfield code="a">United States</subfield><subfield code="b">New York</subfield><subfield code="c">Monroe</subfield><subfield code="d">East Rochester.</subfield></datafield><datafield ind1="0" ind2="0" tag="780"><subfield code="t">East Rochester post-herald</subfield><subfield code="x">1053-7619</subfield><subfield code="w">(OCoLC)8074713</subfield></datafield><datafield ind1="0" ind2="7" tag="785"><subfield code="a">Perinton-Fairport post</subfield><subfield code="w">(OCoLC)28391123</subfield></datafield><datafield ind1="0" ind2="7" tag="785"><subfield code="a">Fairport-ER post</subfield><subfield code="w">(OCoLC)173661367</subfield></datafield><datafield ind1=" " ind2=" " tag="936"><subfield code="a">May 17, 2000 LIC</subfield></datafield></record>